%% LaTeX2e file `publication.bib'
%% generated by the `filecontents' environment
%% from source `CV' on 2017/10/30.
%%
@article{lamport1986latex,
  title={LaTEX: User's Guide \& Reference Manual},
  author={Lamport, L.},
  year={1986},
  publisher={Addison-Wesley}
}
@book{knuth2006art,
  title={The art of computer programming: Generating all trees: history of combinatorial generation},
  author={Knuth, D.E.},
  volume={4},
  year={2006},
  publisher={addison-Wesley}
}




@InProceedings{Hadavizadeh:IPAC2017-MOPAB131,
  author       = {T.B. Hadavizadeh and others},
  title        = {{T}ransverse {E}mittance {M}easurements {U}sing {LHC}b's {B}eam{-G}as {I}nteractions},
  booktitle    = {Proc. of International Particle Accelerator Conference (IPAC'17),
                  Copenhagen, Denmark, 14â19 May, 2017},
  pages        = {441--444},
  paper        = {MOPAB131},
  language     = {english},
  keywords     = {detector, emittance, real-time, experiment, operation},
  venue        = {Copenhagen, Denmark},
  series       = {International Particle Accelerator Conference},
  number       = {8},
  publisher    = {JACoW},
  address      = {Geneva, Switzerland},
  month        = {May},
  year         = {2017},
  isbn         = {978-3-95450-182-3},
  doi          = {https://doi.org/10.18429/JACoW-IPAC2017-MOPAB131},
  url          = {http://jacow.org/ipac2017/papers/mopab131.pdf},
  note         = {https://doi.org/10.18429/JACoW-IPAC2017-MOPAB131},
}

@InProceedings{Alemany-Fernandez:IPAC2017-MOPAB130,
  author       = {R. Alemany-Fernández and others},
  title        = {{C}ross{-C}alibration of the {LHC} {T}ransverse {B}eam{-P}rofile {M}onitors},
  booktitle    = {Proc. of International Particle Accelerator Conference (IPAC'17),
                  Copenhagen, Denmark, 14â19 May, 2017},
  pages        = {437--440},
  paper        = {MOPAB130},
  language     = {english},
  keywords     = {emittance, optics, luminosity, proton, experiment},
  venue        = {Copenhagen, Denmark},
  series       = {International Particle Accelerator Conference},
  number       = {8},
  publisher    = {JACoW},
  address      = {Geneva, Switzerland},
  month        = {May},
  year         = {2017},
  isbn         = {978-3-95450-182-3},
  doi          = {https://doi.org/10.18429/JACoW-IPAC2017-MOPAB130},
  url          = {http://jacow.org/ipac2017/papers/mopab130.pdf},
  note         = {https://doi.org/10.18429/JACoW-IPAC2017-MOPAB130},
}

@InProceedings{Hostettler:IPAC2017-MOPAB110,
  author       = {M. Hostettler and others},
  title        = {{C}omparison of {T}ransverse {E}mittance {M}easurements in the {LHC}},
  booktitle    = {Proc. of International Particle Accelerator Conference (IPAC'17),
                  Copenhagen, Denmark, 14â19 May, 2017},
  pages        = {377--380},
  paper        = {MOPAB110},
  language     = {english},
  keywords     = {emittance, luminosity, experiment, detector, operation},
  venue        = {Copenhagen, Denmark},
  series       = {International Particle Accelerator Conference},
  number       = {8},
  publisher    = {JACoW},
  address      = {Geneva, Switzerland},
  month        = {May},
  year         = {2017},
  isbn         = {978-3-95450-182-3},
  doi          = {https://doi.org/10.18429/JACoW-IPAC2017-MOPAB110},
  url          = {http://jacow.org/ipac2017/papers/mopab110.pdf},
  note         = {https://doi.org/10.18429/JACoW-IPAC2017-MOPAB110},
}